<?xml version="1.0" encoding="UTF-8"?><collection xmlns="http://www.loc.gov/MARC21/slim"><record><leader>00387nam--2200145-i-4500</leader><controlfield tag="001">000029519</controlfield><controlfield tag="002">20161230</controlfield><controlfield tag="005">20170127173443</controlfield><controlfield tag="008">060222s1000------------r-----000-0-eng-d</controlfield><datafield ind1=" " ind2=" " tag="100"><subfield code="a">Lossen, Heinz</subfield></datafield><datafield ind1=" " ind2=" " tag="245"><subfield code="a">Ausubung der heilkunde mit radioaktiven stoffen</subfield></datafield><datafield ind1=" " ind2=" " tag="260"><subfield code="a">Stuttgart</subfield><subfield code="b">G.Thieme Verlag</subfield><subfield code="c">1962</subfield></datafield><datafield ind1=" " ind2=" " tag="300"><subfield code="a">IX + 166 p., 1 Tab</subfield></datafield><datafield ind1=" " ind2=" " tag="852"><subfield code="a">18467</subfield></datafield><datafield ind1=" " ind2=" " tag="CAT"><subfield code="a">SYS</subfield><subfield code="c">20170127</subfield><subfield code="h">173443</subfield></datafield></record></collection>